@article{vonBaeyer2003,
  title={Information: The new language of science},
  author={von Baeyer, Hans Christian},
  journal={Harvard University Press},
  year={2003}
}

@article{Wheeler1990,
  title={Information, physics, quantum: The search for links},
  author={Wheeler, John Archibald},
  journal={Complexity, entropy, and the physics of information},
  pages={3--28},
  year={1990},
  publisher={Westview Press}
}

@article{Rovelli2015,
  title={Relative information at the foundation of physics},
  author={Rovelli, Carlo},
  journal={arXiv preprint arXiv:1512.00926},
  year={2015}
}

@article{Vedral2010,
  title={Decoding reality: The universe as quantum information},
  author={Vedral, Vlatko},
  journal={Oxford University Press},
  year={2010}
}

@article{Brukner2018,
  title={A no-go theorem for observer-independent facts},
  author={Brukner, {\v{C}}aslav},
  journal={Entropy},
  volume={20},
  number={5},
  pages={350},
  year={2018},
  publisher={Multidisciplinary Digital Publishing Institute}
}

@article{Zurek2003,
  title={Decoherence, einselection, and the quantum origins of the classical},
  author={Zurek, Wojciech Hubert},
  journal={Reviews of modern physics},
  volume={75},
  number={3},
  pages={715},
  year={2003},
  publisher={APS}
}

@article{Verlinde2011,
  title={On the origin of gravity and the laws of Newton},
  author={Verlinde, Erik},
  journal={Journal of High Energy Physics},
  volume={2011},
  number={4},
  pages={29},
  year={2011},
  publisher={Springer}
}

@article{Jacobson1995,
  title={Thermodynamics of spacetime: The Einstein equation of state},
  author={Jacobson, Ted},
  journal={Physical Review Letters},
  volume={75},
  number={7},
  pages={1260},
  year={1995},
  publisher={APS}
}

@article{Hardy2001,
  title={Quantum theory from five reasonable axioms},
  author={Hardy, Lucien},
  journal={arXiv preprint quant-ph/0101012},
  year={2001}
}

@article{Aaronson2005,
  title={Quantum computing, postselection, and probabilistic polynomial-time},
  author={Aaronson, Scott},
  journal={Proceedings of the Royal Society A: Mathematical, Physical and Engineering Sciences},
  volume={461},
  number={2063},
  pages={3473--3482},
  year={2005},
  publisher={The Royal Society London}
}

@article{Frauchiger2018quantum,
  title={Quantum theory cannot consistently describe the use of itself},
  author={Frauchiger, Daniela and Renner, Renato},
  journal={Nature Communications},
  volume={9},
  number={1},
  pages={3711},
  year={2018},
  publisher={Nature Publishing Group}
}

@article{Hoffman2015,
  title={The interface theory of perception: Natural selection drives true perception to swift extinction},
  author={Hoffman, Donald D and Singh, Manish and Prakash, Chetan},
  journal={Object Categorization: Computer and Human Vision Perspectives},
  pages={148--165},
  year={2015},
  publisher={Cambridge University Press}
} 