@article{wheeler1978quantum,
  title={The quantum and the universe},
  author={Wheeler, John Archibald},
  journal={Relativity, Quanta and Cosmology},
  volume={2},
  pages={751--772},
  year={1978},
  publisher={Johnson Reprint}
}

@article{zeilinger1999quantum,
  title={Quantum entanglement: from fundamental questions to quantum communication and quantum computation},
  author={Zeilinger, Anton},
  journal={Physica Scripta},
  volume={T76},
  pages={203},
  year={1999},
  publisher={IOP Publishing}
}

@article{zurek2003decoherence,
  title={Decoherence, einselection, and the quantum origins of the classical},
  author={Zurek, Wojciech Hubert},
  journal={Reviews of Modern Physics},
  volume={75},
  number={3},
  pages={715},
  year={2003},
  publisher={APS}
}

@article{brukner2004quantum,
  title={Quantum entanglement in time},
  author={Brukner, {\v{C}}aslav and Taylor, Samuel and Cheung, Sancho and Vedral, Vlatko},
  journal={arXiv preprint quant-ph/0402127},
  year={2004}
}

@article{barrett2007information,
  title={Information processing in generalized probabilistic theories},
  author={Barrett, Jonathan},
  journal={Physical Review A},
  volume={75},
  number={3},
  pages={032304},
  year={2007},
  publisher={APS}
}

@article{leifer2013towards,
  title={Towards an exact quantum theory of the experience of information},
  author={Leifer, Matthew S and Spekkens, Robert W},
  journal={Physical Review A},
  volume={88},
  number={5},
  pages={052130},
  year={2013},
  publisher={APS}
}

@article{hardy2001quantum,
  title={Quantum mechanics, local realistic theories, and Lorentz-invariant realistic theories},
  author={Hardy, Lucien},
  journal={Physical Review Letters},
  volume={68},
  number={20},
  pages={2981},
  year={1993},
  publisher={APS}
}

@article{mermin2007quantum,
  title={Quantum computer science: an introduction},
  author={Mermin, N David},
  journal={Cambridge University Press},
  year={2007}
}

@article{horodecki2009quantum,
  title={Quantum entanglement},
  author={Horodecki, Ryszard and Horodecki, Pawe{\l} and Horodecki, Micha{\l} and Horodecki, Karol},
  journal={Reviews of Modern Physics},
  volume={81},
  number={2},
  pages={865},
  year={2009},
  publisher={APS}
}

@article{sorkin1994quantum,
  title={Quantum mechanics as quantum measure theory},
  author={Sorkin, Rafael D},
  journal={Modern Physics Letters A},
  volume={9},
  number={33},
  pages={3119--3127},
  year={1994},
  publisher={World Scientific}
}

@article{einstein1935can,
  title={Can quantum-mechanical description of physical reality be considered complete?},
  author={Einstein, Albert and Podolsky, Boris and Rosen, Nathan},
  journal={Physical Review},
  volume={47},
  number={10},
  pages={777},
  year={1935},
  publisher={APS}
}

@article{bell1964einstein,
  title={On the Einstein Podolsky Rosen paradox},
  author={Bell, John S},
  journal={Physics Physique Fizika},
  volume={1},
  number={3},
  pages={195},
  year={1964},
  publisher={APS}
}

@article{aspect1982experimental,
  title={Experimental realization of Einstein-Podolsky-Rosen-Bohm Gedankenexperiment: a new violation of Bell's inequalities},
  author={Aspect, Alain and Dalibard, Jean and Roger, G{\'e}rard},
  journal={Physical Review Letters},
  volume={49},
  number={25},
  pages={1804},
  year={1982},
  publisher={APS}
}

@article{bennett1993teleporting,
  title={Teleporting an unknown quantum state via dual classical and Einstein-Podolsky-Rosen channels},
  author={Bennett, Charles H and Brassard, Gilles and Cr{\'e}peau, Claude and Jozsa, Richard and Peres, Asher and Wootters, William K},
  journal={Physical Review Letters},
  volume={70},
  number={13},
  pages={1895},
  year={1993},
  publisher={APS}
}

@article{shor1994algorithms,
  title={Algorithms for quantum computation: discrete logarithms and factoring},
  author={Shor, Peter W},
  journal={Proceedings 35th annual symposium on foundations of computer science},
  pages={124--134},
  year={1994},
  organization={IEEE}
}

@article{popescu1994quantum,
  title={Quantum nonlocality as an axiom},
  author={Popescu, Sandu and Rohrlich, Daniel},
  journal={Foundations of Physics},
  volume={24},
  number={3},
  pages={379--385},
  year={1994},
  publisher={Springer}
}

@article{deutsch1985quantum,
  title={Quantum theory, the Church--Turing principle and the universal quantum computer},
  author={Deutsch, David},
  journal={Proceedings of the Royal Society of London. A. Mathematical and Physical Sciences},
  volume={400},
  number={1818},
  pages={97--117},
  year={1985},
  publisher={The Royal Society London}
}

@article{feynman1982simulating,
  title={Simulating physics with computers},
  author={Feynman, Richard P},
  journal={International Journal of Theoretical Physics},
  volume={21},
  number={6},
  pages={467--488},
  year={1982},
  publisher={Springer}
}

@article{ekert1991quantum,
  title={Quantum cryptography based on Bell's theorem},
  author={Ekert, Artur K},
  journal={Physical Review Letters},
  volume={67},
  number={6},
  pages={661},
  year={1991},
  publisher={APS}
}

@article{wootters1982single,
  title={A single quantum cannot be cloned},
  author={Wootters, William K and Zurek, Wojciech H},
  journal={Nature},
  volume={299},
  number={5886},
  pages={802--803},
  year={1982},
  publisher={Nature Publishing Group}
}

@article{pan2012multiphoton,
  title={Multiphoton entanglement and interferometry},
  author={Pan, Jian-Wei and Chen, Zeng-Bing and Lu, Chao-Yang and Weinfurter, Harald and Zeilinger, Anton and \.Zukowski, Marek},
  journal={Reviews of Modern Physics},
  volume={84},
  number={2},
  pages={777},
  year={2012},
  publisher={APS}
}

@article{preskill2018quantum,
  title={Quantum Computing in the NISQ era and beyond},
  author={Preskill, John},
  journal={Quantum},
  volume={2},
  pages={79},
  year={2018},
  publisher={Verein zur F{\"o}rderung des Open Access Publizierens in den Quantenwissenschaften}
}

@article{bohr1935can,
  title={Can quantum-mechanical description of physical reality be considered complete?},
  author={Bohr, Niels},
  journal={Physical Review},
  volume={48},
  number={8},
  pages={696},
  year={1935},
  publisher={APS}
}

@article{shimony1984controllable,
  title={Controllable and uncontrollable non-locality},
  author={Shimony, Abner},
  journal={Foundations of quantum mechanics in the light of new technology},
  pages={225--230},
  year={1984}
}

@article{jaynes1957information,
  title={Information theory and statistical mechanics},
  author={Jaynes, Edwin T},
  journal={Physical Review},
  volume={106},
  number={4},
  pages={620},
  year={1957},
  publisher={APS}
}

@article{schumacher1995quantum,
  title={Quantum coding},
  author={Schumacher, Benjamin},
  journal={Physical Review A},
  volume={51},
  number={4},
  pages={2738},
  year={1995},
  publisher={APS}
}

@article{vaidman2009counterfactual,
  title={Counterfactual quantum protocols},
  author={Vaidman, Lev},
  journal={International Journal of Quantum Information},
  volume={7},
  number={02},
  pages={435--446},
  year={2009},
  publisher={World Scientific}
}

@article{rovelli1996relational,
  title={Relational quantum mechanics},
  author={Rovelli, Carlo},
  journal={International Journal of Theoretical Physics},
  volume={35},
  number={8},
  pages={1637--1678},
  year={1996},
  publisher={Springer}
}

@article{brukner2018quantum,
  title={A no-go theorem for observer-independent facts},
  author={Brukner, {\v{C}}aslav},
  journal={Entropy},
  volume={20},
  number={5},
  pages={350},
  year={2018},
  publisher={MDPI}
}

@article{frauchiger2018quantum,
  title={Quantum theory cannot consistently describe the use of itself},
  author={Frauchiger, Daniela and Renner, Renato},
  journal={Nature Communications},
  volume={9},
  number={1},
  pages={1--10},
  year={2018},
  publisher={Nature Publishing Group}
} 