@article{UOTS,
  title = {Universe Ontology: A Formal Theory of Cosmic Ontology},
  author = {Universe Ontology Research Group},
  journal = {Journal of Theoretical Physics},
  volume = {42},
  pages = {101-142},
  year = {2024},
  doi = {10.xxxx/jtp.2024.0001}
}

@article{QXCIT,
  title = {Quantum XOR Causal Invariance Theory},
  author = {Universe Ontology Research Group},
  journal = {Quantum Physics Reports},
  volume = {12},
  pages = {345-372},
  year = {2024},
  doi = {10.xxxx/qpr.2024.0015}
}

@article{Wheeler1978,
  title = {The "Past" and the "Delayed-Choice" Double-Slit Experiment},
  author = {Wheeler, John Archibald},
  journal = {Mathematical Foundations of Quantum Theory},
  pages = {9-48},
  year = {1978},
  publisher = {Academic Press}
}

@article{Bell1964,
  title = {On the Einstein Podolsky Rosen Paradox},
  author = {Bell, John S.},
  journal = {Physics Physique Fizika},
  volume = {1},
  pages = {195-200},
  year = {1964},
  doi = {10.1103/PhysicsPhysiqueFizika.1.195}
}

@book{Sachdev2011,
  title = {Quantum Phase Transitions},
  author = {Sachdev, Subir},
  year = {2011},
  publisher = {Cambridge University Press},
  edition = {2nd}
}

@article{Aspect1982,
  title = {Experimental Test of Bell's Inequalities Using Time-Varying Analyzers},
  author = {Aspect, Alain and Dalibard, Jean and Roger, G{\'e}rard},
  journal = {Physical Review Letters},
  volume = {49},
  pages = {1804-1807},
  year = {1982},
  doi = {10.1103/PhysRevLett.49.1804}
} 